<?xml version="1.0" encoding="UTF-8"?><collection xmlns="http://www.loc.gov/MARC21/slim"><record><leader>00369nam--2200121-i-4500</leader><controlfield tag="001">000004665</controlfield><controlfield tag="002">20161230</controlfield><controlfield tag="005">20161230201026</controlfield><controlfield tag="008">060222s1000------------r-----000-0-eng-d</controlfield><datafield ind1=" " ind2=" " tag="100"><subfield code="a">Behounek, F./S.A.</subfield></datafield><datafield ind1=" " ind2=" " tag="245"><subfield code="a">Die schutzdosimetrie der ronthen-und-    -stra hlung nach der photographischen methode</subfield></datafield><datafield ind1=" " ind2=" " tag="260"><subfield code="a">Praha, Ceskoslovenska Akademie Ved, 1957 15 P</subfield></datafield><datafield ind1=" " ind2=" " tag="852"><subfield code="a">6257</subfield></datafield></record></collection>